<record><leader>00000cas a22000007a 4500</leader><controlfield tag="001">18515570</controlfield><controlfield tag="008">880922d19321969nyuwr ne      0    0eng d</controlfield><controlfield tag="009">148</controlfield><datafield ind1=" " ind2=" " tag="010"><subfield code="a">sn 88075762 </subfield></datafield><datafield ind1=" " ind2=" " tag="040"><subfield code="a">NYG</subfield><subfield code="b">eng</subfield><subfield code="c">NYG</subfield><subfield code="d">NYS</subfield><subfield code="d">OCLCQ</subfield></datafield><datafield ind1="1" ind2=" " tag="029"><subfield code="a">AU@</subfield><subfield code="b">000020531115</subfield></datafield><datafield ind1=" " ind2=" " tag="042"><subfield code="a">msc</subfield></datafield><datafield ind1="0" ind2=" " tag="130"><subfield code="a">Rhinebeck gazette (Rhinebeck, N.Y. : 1932)</subfield></datafield><datafield ind1="0" ind2="4" tag="245"><subfield code="a">The Rhinebeck gazette.</subfield></datafield><datafield ind1=" " ind2=" " tag="260"><subfield code="a">Rhinebeck, N.Y. :</subfield><subfield code="b">Rhinebeck Gazette,</subfield><subfield code="c">1932-</subfield></datafield><datafield ind1=" " ind2=" " tag="300"><subfield code="a">v. ;</subfield><subfield code="c">51 cm.</subfield></datafield><datafield ind1=" " ind2=" " tag="310"><subfield code="a">Weekly</subfield></datafield><datafield ind1="0" ind2=" " tag="362"><subfield code="a">Vol. 87, no. 9 (May 27, 1932)-</subfield></datafield><datafield ind1="1" ind2=" " tag="362"><subfield code="a">Ceased in Nov. 1969?</subfield></datafield><datafield ind1=" " ind2="4" tag="651"><subfield code="a">Rhinebeck (N.Y.)</subfield><subfield code="v">Newspapers.</subfield></datafield><datafield ind1=" " ind2=" " tag="752"><subfield code="a">United States</subfield><subfield code="b">New York</subfield><subfield code="c">Dutchess</subfield><subfield code="d">Rhinebeck.</subfield></datafield><datafield ind1="0" ind2="0" tag="780"><subfield code="t">Rhinebeck gazette and Red Hook times</subfield><subfield code="w">(DLC)sn 88075761</subfield></datafield><datafield ind1="0" ind2="7" tag="785"><subfield code="t">Red Hook advertiser (Red Hook, N.Y. : 1923)</subfield><subfield code="w">(DLC)sn 92061485</subfield><subfield code="w">delh(OCoLC)25329072</subfield></datafield><datafield ind1="0" ind2="7" tag="785"><subfield code="t">Gazette-advertiser</subfield><subfield code="w">(DLC)sn 87070083</subfield><subfield code="w">(OCoLC)16101922</subfield></datafield></record>